% This file was created with Citavi 6.14.0.0

@misc{Arduino_MKR,
 author = {Arduino},
 title = {Arduino MKR WiFi 1010},
 url = {https://store.arduino.cc/collections/mkr-family/products/arduino-mkr-wifi-1010},
 urldate = {02.01.2023},
 file = {MKR{\_}Wifi{\_}1010:Attachments/MKR{\_}Wifi{\_}1010.png:image/png}
}


@misc{Arduino_Nano,
 author = {Arduino},
 title = {Arduino Nano 33 IoT},
 url = {https://store.arduino.cc/products/arduino-nano-33-iot?_gl=1*108ofpk*_ga*MTUyMzE0NDEzMy4xNjcyNjUzMzk2*_ga_NEXN8H46L5*MTY3MjY3MjcyMy4zLjEuMTY3MjY3Mjc1Mi4wLjAuMA..},
 urldate = {02.01.2023},
 file = {Nano{\_}33{\_}IoT:Attachments/Nano{\_}33{\_}IoT.png:image/png}
}


@misc{Arduino_Uno,
 author = {Arduino},
 title = {Arduino Uno Rev3},
 url = {https://store.arduino.cc/products/arduino-uno-rev3?_gl=1*1999sex*_ga*MTUyMzE0NDEzMy4xNjcyNjUzMzk2*_ga_NEXN8H46L5*MTY3MjY3MjcyMy4zLjEuMTY3MjY3MzAzNC4wLjAuMA..},
 urldate = {02.01.2023},
 file = {Classic{\_}UNO{\_}R3:Attachments/Classic{\_}UNO{\_}R3.png:image/png}
}


@misc{Arduino.d,
 author = {Arduino},
 title = {What is Arduino?},
 url = {https://www.arduino.cc/en/Guide/Introduction#why-arduino},
 urldate = {02.01.2023},
 file = {'What is Arduino{\_} I Arduino' - www.arduino:Attachments/'What is Arduino{\_} I Arduino' - www.arduino.pdf:application/pdf}
}


@misc{Arduino.2022,
 abstract = {Tutorial on installing libraries for the ARDUINO~IDE~1},
 author = {Arduino},
 year = {2022},
 title = {Installing Libraries},
 url = {https://docs.arduino.cc/software/ide-v1/tutorials/installing-libraries},
 urldate = {02.01.2023},
 file = {IDE1{\_}'Installing Libraries I Arduino Documentation I Arduino Documentation' - docs.arduino.cc:Attachments/IDE1{\_}'Installing Libraries I Arduino Documentation I Arduino Documentation' - docs.arduino.cc.pdf:application/pdf}
}


@misc{DFRobot.,
 editor = {{DF Robot}},
 title = {Capacitive{\_}Soil{\_}Moisture{\_}Sensor{\_}SKU{\_}SEN0193},
 url = {https://wiki.dfrobot.com/Capacitive_Soil_Moisture_Sensor_SKU_SEN0193},
 urldate = {27.11.2022},
 file = {Capacitive{\_}Soil{\_}Moisture{\_}Sensor{\_}SKU{\_}SEN0193{\_}DFRobot:Attachments/Capacitive{\_}Soil{\_}Moisture{\_}Sensor{\_}SKU{\_}SEN0193{\_}DFRobot.pdf:application/pdf;Schematic:Attachments/Schematic.pdf:application/pdf}
}


@misc{KarlSoderby.2022,
 abstract = {Tutorial on how to install libraries for the IDE 2},
 author = {{Karl S{\"o}derby}},
 year = {2022},
 title = {Installing libraries},
 url = {https://docs.arduino.cc/software/ide-v2/tutorials/ide-v2-installing-a-library},
 address = {Arduino Documentation},
 urldate = {02.01.2023},
 file = {IDE2{\_}'Installing libraries I Arduino Documentation I Arduino Documentation' - docs.arduino:Attachments/IDE2{\_}'Installing libraries I Arduino Documentation I Arduino Documentation' - docs.arduino.pdf:application/pdf}
}


@book{Schmidt.2015,
 abstract = {Arduino ist ein Open-Source-Projekt, das sowohl aus Hardware als auch aus Software besteht. Ohne Vorlesungen in Elektrotechnik belegen zu m{\"u}ssen, k{\"o}nnen Sie erste Ideen mit Arduino in k{\"u}rzester Zeit umsetzen. Von Anfang an praxisorientiert und ohne graue Theorie f{\"u}hrt Sie dieses Buch in die Arduino- Welt ein. Teil 1 {\frqq}Erste Schritte mit Arduino{\flqq} vermittelt Ihnen die erforderlichen Grundlagen, um die elf Projekte aus Teil 2 bauen zu k{\"o}nnen. Zun{\"a}chst erfahren Sie, wie Sie die IDE verwenden und wie Sie Programme kompilieren und auf den Arduino laden. Schnell beginnen Sie mit dem ersten Projekt - dem Elektrow{\"u}rfel -, das Ihnen den Umgang mit einfachen Bauteilen wie Leuchtdioden, Tastern und Widerst{\"a}nden zeigt. Danach erlernen Sie den Umgang mit analogen und digitalen Sensoren. Sie verwenden einen Temperatur- und einen Ultraschallsensor, um einen digitalen Zollstock zu bauen. Messergebnisse visualisieren Sie im Webbrowser mit JavaScript, HTML5 und CSS3. Sie k{\"o}nnen auch mit vorhandener Hardware herumspielen und werden sehen, wie leicht es ist, zum Beispiel den Nunchuk f{\"u}r Nintendo Wii in eigenen Programmen einzusetzen oder eine Infrarotfernbedienung zu konstruieren. Schritt f{\"u}r Schritt erschlie{\ss}en Ihnen die Projekte so alle M{\"o}glichkeiten, die sich mit Arduino bieten. Zu jedem Projekt gibt es den vollst{\"a}ndigen Programmcode zum Download. Wenn Sie an Elektronik interessiert sind und besonders daran, Ihre eigenen Spielzeuge, Modelle und Ideen umzusetzen, haben Sie das richtige Buch gekauft. Und wenn Sie schon Software entwickelt haben - vorzugsweise in C/C++ oder Java -, bringen Sie die besten Voraussetzungen mit.},
 author = {Schmidt, Maik},
 year = {2015},
 title = {Arduino: Ein schneller Einstieg in die Microcontroller-Entwicklung},
 url = {http://nbn-resolving.org/urn:nbn:de:bsz:31-epflicht-1303727},
 address = {Heidelberg},
 edition = {2. aktualisierte und erweiterte Auflage},
 publisher = {dpunkt.verlag},
 isbn = {9783864916458},
 series = {Edition Make},
 file = {'B Fortgeschrittene Arduino-Programmierung I Arduino, 2nd Edition' - learning.oreilly:Attachments/'B Fortgeschrittene Arduino-Programmierung I Arduino, 2nd Edition' - learning.oreilly.pdf:application/pdf}
}


@misc{SeeedStudio.,
 editor = {SeeedStudio},
 title = {Grove - Capacitive Moisture Sensor (Corrosion-Resistant)},
 url = {https://wiki.seeedstudio.com/Grove-Capacitive_Moisture_Sensor-Corrosion-Resistant/},
 urldate = {27.11.2022},
 file = {Grove{\_}Capacitive Moisture Sensor (Corrosion-Resistant){\_}Seeed Wiki:Attachments/Grove{\_}Capacitive Moisture Sensor (Corrosion-Resistant){\_}Seeed Wiki.pdf:application/pdf}
}


@misc{.12.12.2022,
 year = {12.12.2022},
 title = {What is Arduino? | Arduino},
 url = {https://www.arduino.cc/en/Guide/Introduction},
 urldate = {15.12.2022},
 file = {Arduino{\_}About:Attachments/Arduino{\_}About.pdf:application/pdf}
}


@misc{.15.12.2022,
 abstract = {Was ist Arduino? Alles zu Arduino {\&} Plattform {\frqq} Programmierung der Microcontroller ✓ Verschiedene Arduino Modelle erkl{\"a}rt ✓ Arduino Education {\&} PRO ✓},
 year = {15.12.2022},
 title = {Arduino {\frqq} Alles Wissenswerte {\"u}ber Arduino},
 url = {https://www.conrad.de/de/ratgeber/entwicklungskits-bausaetze/arduino.html},
 urldate = {15.12.2022},
 file = {Conrad{\_}Arduino:Attachments/Conrad{\_}Arduino.pdf:application/pdf}
}


@misc{.27.12.2022,
 abstract = {Kompendien zur Messtechnik und Sensorik sowie zur Simulation und Regelung technischer Prozesse. Online-Tests zum Erwerb von Fortbildungszertifikaten. Unternehmenspakete f{\"u}r das eLearning. Fachb{\"u}cher.},
 year = {27.12.2022},
 title = {10. Sensoren f{\"u}r Temperatur, Feuchte und Gaskonzentrationen -- Messtechnik und Sensorik},
 url = {https://messtechnik-und-sensorik.org/10-sensoren-fuer-temperatur-feuchte-und-gaskonzentrationen/},
 urldate = {27.12.2022},
 file = {Feuchtigkeitssensor{\_}Messtec:Attachments/Feuchtigkeitssensor{\_}Messtec.pdf:application/pdf}
}


@article{.30.06.2017,
 abstract = {Wie funktioniert ein kapazitiver Feuchtesensor? Lesen Sie einen kurzen und knackigen Blogbeitrag {\"u}ber das kapazitive Feuchte-Messprinzip!},
 year = {30.06.2017},
 title = {Wie funktioniert die kapazitive Feuchtemessung?},
 url = {https://www.acoweb.de/wie-funktioniert-eine-kapazitive-feuchtemessung},
 urldate = {27.12.2022},
 file = {Wie funktioniert die kapazitive Feuchtemessung 30.06.2017:Attachments/Wie funktioniert die kapazitive Feuchtemessung 30.06.2017.pdf:application/pdf}
}


@misc{arduinounorev2doc,
 year = {23.11.2022},
 title = {UNO WiFi Rev2 | Arduino Documentation | Arduino Documentation},
 url = {https://docs.arduino.cc/hardware/uno-wifi-rev2},
 urldate = {24.11.2022},
 file = {Website{\_}Screenshot:Attachments/Website{\_}Screenshot.pdf:application/pdf}
}


@misc{DVSBodenfeuchteSensoren.27.12.2022,
 abstract = {Zur Bodenfeuchtemessung eignen sich insbesonde elektrische Verfahren. Damit kann man kontiniuerlich den Wassergehalt im Boden {\"u}berwachen und eine Anbindung an Bew{\"a}sserungssteuererungen auf vielf{\"a}ltige Art und Weise realisieren. Ein Boden ist ein Gemisch aus Wasser, Luft und einer mineralischen/organischen Bodenmatrix.},
 author = {{DVS Bodenfeuchte Sensoren}},
 year = {27.12.2022},
 title = {Messverfahren},
 url = {https://dvs-bodenfeuchte-sensoren.de/pages/messverfahren},
 urldate = {27.12.2022},
 file = {dvs-bodenfeuchte-sensoren:Attachments/dvs-bodenfeuchte-sensoren.pdf:application/pdf}
}


